@misc{dasf,
  author = {Faracco, J. and Napoli, O. and Borin, E.},
  title = {DASF is an Accelerated and Scalable Framework},
  year = {2023},
  publisher = {Github},
  journal = {Github repository},
  howpublished = {\url{https://github.com/discovery-unicamp/dasf-core}},
  commit = {dc47ff0c356c5be98d922f3dd5728c611b494f23}
}

@misc{dask,
  author = {Rocklin, M. et al.},
  title = {DASK},
  year = {2023},
  publisher = {Github},
  journal = {Github repository},
  howpublished = {\url{https://github.com/dask/dask}},
  commit = {0ea6c0826e8e0ac6c506a06c58b7e047407002e6}
}
